@inproceedings{hashimoto2021cmpke,
  title={A Concrete Treatment of Efficient Continuous Group Key Agreement via Multi-Recipient PKEs},
  author={Hashimoto, Keitaro and Katsumata, Shuichi and Postlethwaite, Eamonn and Prest, Thomas and Westerbaan, Bas},
  booktitle={Proceedings of the 2021 ACM SIGSAC Conference on Computer and Communications Security},
  pages={1441--1462},
  year={2021}
}



@misc{cryptoeprint:2020:1499,
    author       = {Joël Alwen and
		    Bruno Blanchet and
		    Eduard Hauck and
		    Eike Kiltz and
		    Benjamin Lipp and
		    Doreen Riepel},
    title        = {Analysing the HPKE Standard},
    howpublished = {Cryptology ePrint Archive, Report 2020/1499},
    year         = {2020},
    note         = {\url{https://ia.cr/2020/1499}},
}

@InProceedings{EC:ABHKLR21_2,
  author =       "Jo{\"e}l Alwen and
                  Bruno Blanchet and
                  Eduard Hauck and
                  Eike Kiltz and
                  Benjamin Lipp and
                  Doreen Riepel",
  title =        "Analysing the {HPKE} Standard",
  pages =        "87--116",
  year =         2021,
  doi =          "10.1007/978-3-030-77870-5_4",
  booktitle =   {Advances in Cryptology - {EUROCRYPT} 2021 - 40th Annual International
                 Conference on the Theory and Applications of Cryptographic Techniques,
                 Zagreb, Croatia, October 17-21, 2021, Proceedings, Part {I}},
  note =        {Full Version: \url{https://ia.cr/2020/1499}},
}

@misc{rfc7748,
title={Elliptic curves for security},
author={A. Langley and M. Hamburg and S. Turner},
year=2016,
howpublished = {RFC 7748, RFC Editor}

}

@article{huffman52,
  title={A method for the construction of minimum-redundancy codes},
  author={Huffman, David A},
  journal={Proceedings of the IRE},
  volume={40},
  number={9},
  pages={1098--1101},
  year={1952},
  publisher={IEEE}
}

@ARTICLE{IEEE:BelBolKur07,
author={M. {Bellare} and A. {Boldyreva} and K. {Kurosawa} and J. {Staddon}},
journal={IEEE Transactions on Information Theory},
title={Multirecipient Encryption Schemes: How to Save on Bandwidth and Computation Without Sacrificing Security},
year={2007},
volume={53},
number={11},
pages={3927-3943},
doi={10.1109/TIT.2007.907471}
}

@misc{Eprint:BDR20,
    author = {Alexander Bienstock and Yevgeniy Dodis and Paul Rösler},
    title = {On the Price of Concurrency in Group Ratcheting Protocols},
    howpublished = {Cryptology ePrint Archive, Report 2020/1171},
    year = {2020},
    note = {\url{https://ia.cr/2020/1171}},
}

@misc{Wei19,
    author = {Matthew Weidner},
    title = {Group messaging for secure asynchronous collaboration},
    howpublished = {MPhil Dissertation, 2019. Advisors: A. Beresford
                  and M. Kleppmann},
    year = {2019},
    note = {\url{https://mattweidner.com/acs-dissertation.pdf}},
}

@techreport{BBN19,
  TITLE = {{Formal Models and Verified Protocols for Group Messaging: Attacks and Proofs for IETF MLS}},
  AUTHOR = {Bhargavan, Karthikeyan and Beurdouche, Benjamin and Naldurg, Prasad},
  URL = {https://hal.inria.fr/hal-02425229},
  TYPE = {Research Report},
  INSTITUTION = {{Inria Paris}},
  YEAR = {2019},
  MONTH = Dec,
  HAL_ID = {hal-02425229},
  HAL_VERSION = {v1},
}

@misc{Eprint:CHK19,
    author = {Cas Cremers and Britta Hale and Konrad Kohbrok},
    title = {Efficient Post-Compromise Security Beyond One Group},
    howpublished = {Cryptology ePrint Archive, Report 2019/477},
    year = {2019},
    note = {\url{https://ia.cr/2019/477}}
}

@inproceedings{PCS,
  author    = {Katriel Cohn{-}Gordon and
               Cas J. F. Cremers and
               Luke Garratt},
  title     = {On Post-compromise Security},
  booktitle = {{IEEE} 29th Computer Security Foundations Symposium, {CSF} 2016, Lisbon,
               Portugal, June 27 - July 1, 2016},
  pages     = {164--178},
  publisher = {{IEEE} Computer Society},
  year      = {2016},
  url       = {https://doi.org/10.1109/CSF.2016.19},
  doi       = {10.1109/CSF.2016.19},
  timestamp = {Wed, 16 Oct 2019 14:14:49 +0200},
  biburl    = {https://dblp.org/rec/conf/csfw/Cohn-GordonCG16.bib},
  bibsource = {dblp computer science bibliography, https://dblp.org}
}

@article{LinTLW17,
  author    = {Tsung{-}Hung Lin and
               ChenKun Tsung and
               Tian{-}Fu Lee and
               Zeng{-}Bo Wang},
  title     = {A Round-Efficient Authenticated Key Agreement Scheme Based on Extended
               Chaotic Maps for Group Cloud Meeting},
  journal   = {Sensors},
  volume    = {17},
  number    = {12},
  pages     = {2793},
  year      = {2017},
  url       = {https://doi.org/10.3390/s17122793},
  doi       = {10.3390/s17122793},
  timestamp = {Wed, 14 Nov 2018 10:47:51 +0100},
  biburl    = {https://dblp.org/rec/journals/sensors/LinTLW17.bib},
  bibsource = {dblp computer science bibliography, https://dblp.org}
}

@article{BK17,
  author    = {Muhammad Bilal and
               Shin{-}Gak Kang},
  title     = {A secure key agreement protocol for dynamic group},
  journal   = {Cluster Computing},
  volume    = {20},
  number    = {3},
  pages     = {2779--2792},
  year      = {2017},
  url       = {https://doi.org/10.1007/s10586-017-0853-0},
  doi       = {10.1007/s10586-017-0853-0},
  timestamp = {Wed, 18 Oct 2017 16:54:42 +0200},
  biburl    = {https://dblp.org/rec/journals/cluster/BilalK17.bib},
  bibsource = {dblp computer science bibliography, https://dblp.org}
}

@inproceedings{DG19a,
  author    = {Nir Drucker and
               Shay Gueron},
  editor    = {Shlomi Dolev and
               Danny Hendler and
               Sachin Lodha and
               Moti Yung},
  title     = {Generating a Random String with a Fixed Weight},
  booktitle = {Cyber Security Cryptography and Machine Learning - Third International
               Symposium, {CSCML} 2019, Beer-Sheva, Israel, June 27-28, 2019, Proceedings},
  series    = {Lecture Notes in Computer Science},
  volume    = {11527},
  pages     = {141--155},
  publisher = {Springer},
  year      = {2019},
  url       = {https://doi.org/10.1007/978-3-030-20951-3\_13},
  doi       = {10.1007/978-3-030-20951-3\_13},
  timestamp = {Fri, 27 Dec 2019 21:26:45 +0100},
  biburl    = {https://dblp.org/rec/conf/cscml/DruckerG19a.bib},
  bibsource = {dblp computer science bibliography, https://dblp.org}
}

@misc{wickr,
  author = {Chris Howell and Tom Leavy and Joël Alwen},
  year = {2019},
  title = {Wickr Messaging Protocol : Technical Paper},
  note = {\url{https://1c9n2u3hx1x732fbvk1ype2x-wpengine.netdna-ssl.com/wp-content/uploads/2019/12/WhitePaper_WickrMessagingProtocol.pdf}}
}

@misc{RingE2E,
  title = {Ring : End-2-End Encryption},
  author = {Amazon},
  year = {2021},
  note = {\url{https://bit.ly/3mc9JDF}}
}
%   note = {\url{https://assets.ctfassets.net/a3peezndovsu/5jmqFoKyaCXpL2qBG46Zqn/72d138d896e7460c5bdae07992ad491e/Ring_Encryption_Whitepaper.pdf}}
% }


@misc{ACDT20-hg,
  author = {Joël Alwen and Sandro Coretti and Yevgeniy Dodis and Yiannis Tselekounis},
  title = {Modular Design of Secure Group Messaging},
  howpublished = {Private communication},
  year = {2020},
}

@inproceedings{GCDGS17,
  author    = {Katriel Cohn{-}Gordon and
               Cas J. F. Cremers and
               Benjamin Dowling and
               Luke Garratt and
               Douglas Stebila},
  title     = {A Formal Security Analysis of the Signal Messaging Protocol},
  booktitle = {2017 {IEEE} European Symposium on Security and Privacy, EuroS{\&}P
               2017},
  pages     = {451--466},
  year      = {2017},
  crossref  = {DBLP:conf/eurosp/2017},
  url       = {https://doi.org/10.1109/EuroSP.2017.27},
  doi       = {10.1109/EuroSP.2017.27},
  timestamp = {Wed, 12 Jul 2017 09:59:02 +0200},
  biburl    = {https://dblp.org/rec/bib/conf/eurosp/Cohn-GordonCDGS17},
  bibsource = {dblp computer science bibliography, https://dblp.org}
}

@proceedings{DBLP:conf/eurosp/2017,
  title     = {2017 {IEEE} European Symposium on Security and Privacy, EuroS{\&}P
               2017, Paris, France, April 26-28, 2017},
  publisher = {{IEEE}},
  year      = {2017},
  url       = {http://ieeexplore.ieee.org/xpl/mostRecentIssue.jsp?punumber=7961955},
  isbn      = {978-1-5090-5762-7},
  timestamp = {Wed, 12 Jul 2017 09:52:31 +0200},
  biburl    = {https://dblp.org/rec/bib/conf/eurosp/2017},
  bibsource = {dblp computer science bibliography, https://dblp.org}
}


@misc{signal,
  author    = {Marlinspike, M. and Perrin, T.},
  title     = {The Double Ratchet Algorithm},
  month     = {11},
  year      = {2016},
  note      = {\url{https://whispersystems.org/docs/specifications/doubleratchet/doubleratchet.pdf}}
}

@misc{SP:ACC+21,
	author = {Joël Alwen
		and Margarita Capretto
		and Miguel Cueto
		and Chethan Kamath
		and Karen Klein
        and Ilia Markov
		and Guillermo Pascual-Perez
		and Krzysztof Pietrzak
		and Michael Walter
        and Michelle Yeo},
	title = {Keep the Dirt: Tainted TreeKEM, an Efficient and Provably Secure Continuous Group Key Agreement Protocol},
	howpublished = {42nd IEEE Symposium on Security and Privacy},
	year = {2021},
	note = {Full Version: \url{https://ia.cr/2019/1489}},
}

@misc{MLS,
  	author = {Richard Barnes
  		and Jon Millican
  		and Emad Omara
  		and Katriel Cohn-Gordon
  		and Raphael Robert},
	title={Message Layer Security (mls) WG},
	howpublished={https://datatracker.ietf.org/wg/mls/about/},
	year = {2018}
}

@techreport{mls-protocol-v9,
	author={R. Barnes and B. Beurdouche and and J. Millican and E. Omara and K. Cohn-Gordon and R. Robert},
	title={The Messaging Layer Security (MLS) Protocol (draft-ietf-mls-protocol-09)},
	year={2020},
	month={Mar},
	institution={IETF},
	note={\url{https://datatracker.ietf.org/doc/draft-ietf-mls-protocol/}},
}

@techreport{mls-protocol-latest,
	author={R. Barnes and B. Beurdouche and and J. Millican and E. Omara and K. Cohn-Gordon and R. Robert},
	title={The Messaging Layer Security (MLS) Protocol (draft-ietf-mls-protocol-latest)},
	year={2020},
	month={Oct},
	institution={IETF},
	note={\url{https://messaginglayersecurity.rocks/mls-protocol/draft-ietf-mls-protocol.html}},
}

@techreport{mls-architecture,
	author={E. Omara and B. Beurdouche and E. Rescorla and S. Inguva and A. Kwon and A. Duric},
	title={The Messaging Layer Security (MLS) Architecture (draft-ietf-mls-architecture-05)},
	year={2020},
	month={Jul},
	institution={IETF},
	note={\url{https://datatracker.ietf.org/doc/draft-ietf-mls-architecture/}},
}

@misc{TreeKEM,
  author = {Karthikeyan Bhargavan and Richard Barnes and Eric Rescorla},
  title = {{TreeKEM: Asynchronous Decentralized Key Management for Large Dynamic Groups}},
  year = 2018,
  month = May,
  note = {Published at \url{https://mailarchive.ietf.org/arch/msg/mls/e3ZKNzPC7Gxrm3Wf0q96dsLZoD8}},
  pdf = "http://prosecco.inria.fr/personal/karthik/pubs/treekem.pdf",
  url = "http://prosecco.inria.fr/personal/karthik/pubs/treekem.pdf",
}

@misc{TreeKEM-original-email,
	author={Eric Rescorla},
	title={{Subject: [MLS] TreeKEM: An alternative to ART.}},
	howpublished={MLS Mailing List},
	year={03 May 2018 14:27UTC},
	note={\url{https://mailarchive.ietf.org/arch/msg/mls/WRdXVr8iUwibaQu0tH6sDnqU1no}}
}

@misc{TreeKEM-with-blanking-email,
	author={Richard Barnes},
	title={{Subject: [MLS] Remove without double-join (in TreeKEM).}},
	howpublished={MLS Mailing List},
	year={06 August2018 13:01UTC},
	note={\url{https://mailarchive.ietf.org/arch/msg/mls/Zzw2tqZC1FCbVZA9LKERsMIQXik}}
}

@misc{TreeKEM-prop-and-comm-email,
  author={Richard Barnes},
  title={{Subject: [MLS] Proposal: Proposals (was: Laziness).}},
  howpublished={MLS Mailing List},
  year={22 August 2019 22:17UTC},
  note={\url{https://mailarchive.ietf.org/arch/msg/mls/5dmrkULQeyvNu5k3MV_sXreybj0/}}
}


@misc{TreeKEM-tree-signing-email,
	author={Nick Sullivan},
  title={{Subject: [MLS] Virtual interim minutes.}},
  howpublished={MLS Mailing List},
  year={29 January 2020 21:39UTC},
  note={\url{https://mailarchive.ietf.org/arch/msg/mls/ZZAz6tXj-jQ8nccf7SyIwSnhivQ/}}
}

@misc{FBMSC,
	title={Messenger Secret Conversations (Technical Whitepaper Version 2.0)},
	author={Facebook},
	year={2016},
	note={Retrieved 05/2020 from \url{https://fbnewsroomus.files.wordpress.com/2016/07/messenger-secret-conversations-technical-whitepaper.pdf}},
}

@misc{WhatsAppEnc,
	title={WhatsApp Encryption Overview},
	author={WhatsApp},
	year={2017},
	note={Retrieved 05/2020 from \url{https://www.whatsapp.com/security/WhatsApp-Security-Whitepaper.pdf}},
}

@inproceedings{Mit97,
	author = {Mittra, Suvo},
	title = {Iolus: A Framework for Scalable Secure Multicasting},
	year = {1997},
	isbn = {089791905X},
	publisher = {Association for Computing Machinery},
	address = {New York, NY, USA},
	booktitle = {Proceedings of the ACM SIGCOMM '97 Conference on Applications, Technologies, Architectures, and Protocols for Computer Communication},
	pages = {277–288},
	series = {SIGCOMM '97},
}

@article{WGL00,
	author={ {Chung Kei Wong} and M. {Gouda} and S. S. {Lam}},
	journal={IEEE/ACM Transactions on Networking},
	title={Secure group communications using key graphs},
	year={2000},
	volume={8},
	number={1},
	pages={16-30},
}

@inproceedings{CG99,
	author={R. {Canetti} and J. {Garay} and G. {Itkis} and D. {Micciancio} and M. {Naor} and B. {Pinkas}},
	booktitle={IEEE INFOCOM '99. Conference on Computer Communications. Proceedings. Eighteenth Annual Joint Conference of the IEEE Computer and Communications Societies. The Future is Now (Cat. No.99CH36320)},
	title={Multicast security: a taxonomy and some efficient constructions},
	year={1999},
	volume={2},
	number={},
	pages={708-716},
}

@misc{mailinglist_mac,
	author = {Richard Barnes},
	title = {{Subject: Re: [MLS] MLSPlaintext packets aren't authenticated using symmetric key schedule}},
	howpublished={MLS Mailing List},
	year = {18 August 2020 15:26UTC},
	note = {\url{https://mailarchive.ietf.org/arch/msg/mls/MO7syaR7pS_z-dcXTNoiN73WiQ8/}},
}


@misc{pullrequest_mac,
	author = {Richard Barnes},
	title = {{MLS Protocol Pull Requests \#396: Authenticate group membership in MLSPlaintext}},
	year = {18 August 2020},
	note = {\url{https://github.com/mlswg/mls-protocol/pull/396}},
}

@misc{pullrequest_conftag,
  author = {Richard Barnes},
  title = {{MLS Protocol Pull Requests \#416: Inlclude the signature in the confirmation tag}},
  year = {18 August 2020},
  note = {\url{https://github.com/mlswg/mls-protocol/pull/416}},
}


@misc{mailinglist_cth,
	author = {Richard Barnes},
	title = {{Subject: Re: [MLS] Include signature in the confirmed transcript hash?}},
	howpublished={MLS Mailing List},
	year = {17 September 2020 22:22UTC},
	note = {\url{https://mailarchive.ietf.org/arch/msg/mls/w0XK93yXZ_dFzApbxroKJggxmZk/}},
}

@inproceedings{OY91,
  author    = {Rafail Ostrovsky and
               Moti Yung},
  editor    = {Luigi Logrippo},
  title     = {How to Withstand Mobile Virus Attacks (Extended Abstract)},
  booktitle = {Proceedings of the Tenth Annual {ACM} Symposium on Principles of Distributed
               Computing, Montreal, Quebec, Canada, August 19-21, 1991},
  pages     = {51--59},
  publisher = {{ACM}},
  year      = {1991},
  url       = {https://doi.org/10.1145/112600.112605},
  doi       = {10.1145/112600.112605},
  timestamp = {Tue, 06 Nov 2018 11:07:18 +0100},
  biburl    = {https://dblp.org/rec/conf/podc/OstrovskyY91.bib},
  bibsource = {dblp computer science bibliography, https://dblp.org}
}

@misc{Eprint:BCK21,
    author = {Chris Brzuska and Eric Cornelissen and Konrad Kohbrok},
    title = {Cryptographic Security of the MLS RFC, Draft 11},
    howpublished = {Cryptology ePrint Archive, Report 2021/137},
    year = {2021},
    note = {\url{https://ia.cr/2021/137}},
}

@techreport{bhargavan:hal-02425229,
  TITLE = {{Formal Models and Verified Protocols for Group Messaging: Attacks and Proofs for IETF MLS}},
  AUTHOR = {Bhargavan, Karthikeyan and Beurdouche, Benjamin and Naldurg, Prasad},
  URL = {https://hal.inria.fr/hal-02425229},
  TYPE = {Research Report},
  INSTITUTION = {{Inria Paris}},
  YEAR = {2019},
  MONTH = Dec,
  PDF = {https://hal.inria.fr/hal-02425229/file/mls-treekem.pdf},
  HAL_ID = {hal-02425229},
  HAL_VERSION = {v1},
}


@inproceedings{CSCML:DG19,
  author    = {Nir Drucker and
               Shay Gueron},
  editor    = {Shlomi Dolev and
               Danny Hendler and
               Sachin Lodha and
               Moti Yung},
  title     = {Continuous Key Agreement with Reduced Bandwidth},
  booktitle = {Cyber Security Cryptography and Machine Learning - Third International
               Symposium, {CSCML} 2019, Beer-Sheva, Israel, June 27-28, 2019, Proceedings},
  series    = {Lecture Notes in Computer Science},
  volume    = {11527},
  pages     = {33--46},
  publisher = {Springer},
  year      = {2019},
  url       = {https://doi.org/10.1007/978-3-030-20951-3\_3},
  doi       = {10.1007/978-3-030-20951-3\_3},
  timestamp = {Fri, 27 Dec 2019 21:26:45 +0100},
  biburl    = {https://dblp.org/rec/conf/cscml/DruckerG19.bib},
  bibsource = {dblp computer science bibliography, https://dblp.org}
}

@misc{Cisco-Webex-MLS,
  title = {Zero-Trust Security for Webex},
  author = {Cisco},
  year = {2021},
  note = {\url{https://www.cisco.com/c/en/us/solutions/collateral/collaboration/white-paper-c11-744553.pdf}}
}
